<record><leader>00000cas a2200000 a 4500</leader><controlfield tag="001">38374160</controlfield><controlfield tag="008">980209d19851985nyuwr ne      0    0eng c</controlfield><datafield ind1=" " ind2=" " tag="010"><subfield code="a">sn 98067529 </subfield></datafield><datafield ind1=" " ind2=" " tag="040"><subfield code="a">NYS</subfield><subfield code="b">eng</subfield><subfield code="c">NYS</subfield><subfield code="d">OCLCQ</subfield><subfield code="d">OCLCF</subfield><subfield code="d">OCLCO</subfield></datafield><datafield ind1="1" ind2=" " tag="029"><subfield code="a">AU@</subfield><subfield code="b">000013766523</subfield></datafield><datafield ind1=" " ind2=" " tag="042"><subfield code="a">pcc</subfield></datafield><datafield ind1=" " ind2=" " tag="043"><subfield code="a">n-us-ny</subfield></datafield><datafield ind1="0" ind2="0" tag="245"><subfield code="a">Lynbrook USA news.</subfield></datafield><datafield ind1="3" ind2="0" tag="246"><subfield code="a">Lynbrook USA</subfield></datafield><datafield ind1=" " ind2=" " tag="260"><subfield code="a">Lynbrook, N.Y. :</subfield><subfield code="b">Weekly Newspaper Group,</subfield><subfield code="c">1985.</subfield></datafield><datafield ind1=" " ind2=" " tag="300"><subfield code="a">v. :</subfield><subfield code="b">ill.</subfield></datafield><datafield ind1=" " ind2=" " tag="310"><subfield code="a">Weekly</subfield></datafield><datafield ind1="0" ind2=" " tag="362"><subfield code="a">Vol. 1, no. 1 (Jan. 10, 1985).</subfield></datafield><datafield ind1=" " ind2=" " tag="500"><subfield code="a">Publisher: Barry S. Manning.</subfield></datafield><datafield ind1=" " ind2="0" tag="651"><subfield code="a">Lynbrook (N.Y.)</subfield><subfield code="v">Newspapers.</subfield></datafield><datafield ind1=" " ind2="0" tag="651"><subfield code="a">Nassau County (N.Y.)</subfield><subfield code="v">Newspapers.</subfield></datafield><datafield ind1=" " ind2="7" tag="655"><subfield code="a">Newspapers.</subfield><subfield code="2">fast</subfield><subfield code="0">(OCoLC)fst01423814</subfield></datafield><datafield ind1=" " ind2="7" tag="651"><subfield code="a">New York (State)</subfield><subfield code="z">Lynbrook.</subfield><subfield code="2">fast</subfield><subfield code="0">(OCoLC)fst01226083</subfield></datafield><datafield ind1=" " ind2="7" tag="651"><subfield code="a">New York (State)</subfield><subfield code="z">Nassau County.</subfield><subfield code="2">fast</subfield><subfield code="0">(OCoLC)fst01205518</subfield></datafield><datafield ind1=" " ind2=" " tag="752"><subfield code="a">United States</subfield><subfield code="b">New York</subfield><subfield code="c">Nassau</subfield><subfield code="d">Lynbrook.</subfield></datafield><datafield ind1="0" ind2="0" tag="785"><subfield code="t">Lynbrook, USA</subfield><subfield code="x">1077-064X</subfield><subfield code="w">(DLC)sn 94003851</subfield><subfield code="w">(OCoLC)30693288</subfield></datafield></record>